<?xml version="1.0" encoding="UTF-8"?><collection xmlns="http://www.loc.gov/MARC21/slim"><record><leader>00357nam--2200133-i-4500</leader><controlfield tag="001">000015071</controlfield><controlfield tag="002">20161230</controlfield><controlfield tag="005">20161230201031</controlfield><controlfield tag="008">060222s1000------------r-----000-0-eng-d</controlfield><datafield ind1=" " ind2=" " tag="080"><subfield code="a">801.3=20</subfield></datafield><datafield ind1=" " ind2=" " tag="100"><subfield code="a">Bantas, Andrei Si Popa, Constantin</subfield></datafield><datafield ind1=" " ind2=" " tag="245"><subfield code="a">Culegere de abrevieri in limba engleza</subfield></datafield><datafield ind1=" " ind2=" " tag="260"><subfield code="a">Bucuresti, Editura Tehnica, 1978. 576 P</subfield></datafield><datafield ind1=" " ind2=" " tag="852"><subfield code="a">D641</subfield></datafield></record></collection>